@misc{beatrice_esan_2021,
	title = {Equivariant Subgraph Aggregation Networks},
	url = {https://arxiv.org/abs/2110.02910},
	publisher = {{arXiv}},
	author = {Beatrice Bevilacqua, Fabrizio Frasca, Derek Lim, Balasubramaniam Srinivasan, Chen Cai, Gopinath Balamurugan, Michael M. Bronstein, Haggai Maron},
	year = {2021},
	eprint = {2110.02910 [cs]},
	note = {Number: {arXiv}:2110.02910},
	keywords = {Statistics - Machine Learning, Computer Science - Machine Learning},
}

@article{weisfeiler_1968,
	title = {The reduction of a graph to canonical form and the algebra which appears therein},
	volume = {2},
	pages = {12-16},
	number = {9},
	journaltitle = {NTI, Series},
	author = {Boris Weisfeiler and Andrei Leman},
	year = {1968}
}

@inproceedings{gilmer_mpnn_2017,
	title = {Neural message passing for quantum chemistry},
	pages = {1263-1272},
	booktitle = {2017 {PLMR} 34th International Conference on Machine Learning},
	publisher = {{PLMR}},
	author = {Justin Gilmer, Samuel S. Schoenholz, Patrick F. Riley, Oriol Vinyals, George E. Dahl},
	year = {2017}
}

@inproceedings{christopher_higher_order_gnn_2019,
	title = {Weisfeiler and leman go neural: Higher-order graph neural networks},
	pages = {4602–4609},
	booktitle = {Proceedings of the AAAI Conference on Artificial Intelligence},
    volume ={33},
	author = {Christopher Morris, Martin Ritzert, Matthias Fey, William L Hamilton, Jan Eric Lenssen, Gaurav
Rattan, and Martin Grohe},
	year = {2019}
}

@misc{GeometricDL_Bronstein_2021,
	title = {Geometric Deep Learning: Grids, Groups, Graphs, Geodesics, and Gauges},
	url = {https://arxiv.org/abs/2104.13478},
	publisher = {{arXiv}},
	author = {Michael M. Bronstein, Joan Bruna, Taco Cohen, Petar Veličković},
	year = {2021},
	eprint = {2104.13478 [cs.LG]},
	note = {Number: {arXiv}:2104.13478},
	keywords = {Computer Science - Machine Learning},
}

@inproceedings{xu_power_nn_2019,
	title = {How powerful are graph neural networks?},
	booktitle = {International Conference on Learning Representations},
	author = {Keyulu Xu, Weihua Hu, Jure Leskovec, and Stefanie Jegelka},
	year = {2019}
}

@inproceedings{christopher_gosparse_2020,
	title = {Weisfeiler and Leman go sparse: Towards scalable higher-order graph embeddings},
	pages = {21824–21840},
	booktitle = {H. Larochelle, M. Ranzato, R. Hadsell, M. F. Balcan, and H. Lin (eds.), Advances in Neural Information Processing Systems},
    publisher={Curran Associates, Inc},
    volume ={33},
	author = {Christopher Morris, Gaurav Rattan, Petra Mutzel},
	year = {2020}
}

@inproceedings{zaheer_deepsets_2017,
	title = {Deep sets},
	booktitle = {Advances in Neural Information Processing Systems},
	author = {Manzil Zaheer, Satwik Kottur, Siamak Ravanbakhsh, Barnabas Poczos, Russ R Salakhutdinov, and Alexander J Smola},
	year = {2017},
    volume = {30}
}

@inproceedings{qi_pointnet_2017,
	title = {Pointnet: Deep learning on point sets
for 3d classification and segmentation},
    pages = {652–660},
	booktitle = {In Proceedings of the IEEE conference on computer vision and pattern recognition},
	author = {Charles R Qi, Hao Su, Kaichun Mo, and Leonidas J Guibas},
	year = {2017}
}

@inproceedings{haggai_inv_equiv_2019b,
	title = {Invariant and equivariant graph networks},
	booktitle = {International Conference on Learning Representations (ICLR)},
	author = {Haggai Maron, Heli Ben-Hamu, Nadav Shamir, and Yaron Lipman},
	year = {2019b}
}

@inproceedings{haggai_provab_powerfulgnn_2019a,
	title = {Provably powerful graph networks},
	booktitle = {NeurIPS},
	author = {Haggai Maron, Heli Ben-Hamu, Nadav Shamir, and Yaron Lipman},
	year = {2019a}
}

@misc{bouritsas_improv_gnn_2022,
	title = {Improving graph neural network expressivity via subgraph isomorphism counting},
	url = {https://arxiv.org/abs/2006.09252},
	publisher = {{arXiv}},
	author = {Giorgos Bouritsas, Fabrizio Frasca, Stefanos Zafeiriou, and Michael M Bronstein},
    booktitle = {IEEE Transactions on Pattern Analysis and Machine Intelligence},
	year = {2022},
	eprint = {2006.09252 [cs.LG]},
	note = {Number: {arXiv}:2006.09252},
	keywords = {Computer Science - Machine Learning},
}
@article{bodnar_weisfeiler_cw_2021a,
	title = {Weisfeiler and lehman go cellular: CW networks},
	volume = {34},
	journaltitle = {Advances in Neural Information Processing Systems},
	author = {Cristian Bodnar, Fabrizio Frasca, Nina Otter, Yu Guang Wang, Pietro Li`o, Guido Mont´ufar, and
Michael Bronstein},
	year = {2021a}
}

@inproceedings{murphy_rel_pooling_2019,
	title = {Relational pooling for graph representations},
	pages = {4663–4673},
	booktitle = {International Conference on Machine Learning},
	publisher = {{PLMR}},
	author = {Ryan Murphy, Balasubramaniam Srinivasan, Vinayak Rao, and Bruno Ribeiro},
	year = {2019}
}

@inproceedings{haggai_symlearning_2020,
	title = {On learning sets of symmetric elements},
	booktitle = {International Conference on Machine Learning},
    pages = {6734–6744},
	author = {Haggai Maron, Or Litany, Gal Chechik, and Ethan Fetaya},
	publisher = {{PLMR}},
	year = {2020}
}